@BOOK{FREITAG:1,
AUTHOR="E. Freitag",
TITLE="Siegelsche Modulfunktionen",
PUBLISHER="Springer",
YEAR="1983",
}

@BOOK{VDGEER:1,
AUTHOR="Van der Geer",
TITLE="The Book without Title",
PUBLISHER="Dummy Publisher",
YEAR="2100",
}

@BOOK{MAASS:1,
AUTHOR="H. Maass",
TITLE="Die Multiplikatorsysteme zur Siegelschen Modulgruppe",
PUBLISHER="Nachrichten der Akad.
der Wissen. Gottingen (II. Math. Phys.Klasse) Nr 11",
YEAR="1964",
}

@BOOK{KAC:1,
AUTHOR="V.G. Kac",
TITLE="Infinite Dimensional Lie Algebras",
PUBLISHER="Cambridge University Press",
YEAR="1990",
}

@BOOK{NIKULIN:1,
AUTHOR="V.V. Nikulin",
TITLE="Surfaces of type K3 with finite automorphism group and Picard group of rank
three",
PUBLISHER="Proc. Steklov. Math. Inst. 165",
YEAR="1984",
}
@BOOK{EZ:1,
AUTHOR="M. Eichler and D. Zagier",
TITLE="The theory of Jacobi forms",
PUBLISHER="Progress in Math. 55, Birkhauser",
YEAR="1985",
}
@BOOK{KNAPP:1,
AUTHOR="A. Knapp",
TITLE="Lie Groups Beyond an Introduction",
PUBLISHER="Progress in Math. 140, Birkhauser",
YEAR="2002",
}
